@book{Fowler2017,
abstract = {One of the biggest challenges for organizations that have adopted microservice architecture is the lack of architectural, operational, and organizational standardization. After splitting a monolithic application or building a microservice ecosystem from scratch, many engineers are left wondering what's next. In this practical...},
author = {Fowler, Susan J.},
booktitle = {O'Reilly},
file = {:C$\backslash$:/Users/ead.LAB{\_}EAD-528918/AppData/Local/Mendeley Ltd./Mendeley Desktop/Downloaded/Fowler - 2017 - Production-Ready Microservices(2).pdf:pdf},
isbn = {9781491965979},
pages = {154},
title = {{Production-Ready Microservices}},
url = {http://shop.oreilly.com/product/0636920053675.do},
year = {2017}
}
